<?xml version="1.0" encoding="UTF-8"?>
  <record xmlns="http://www.loc.gov/MARC21/slim" type="Authority">
    <leader>00000nz  a2200000nc 4500</leader>
    <controlfield tag="001">129059331</controlfield>
    <controlfield tag="003">DE-101</controlfield>
    <controlfield tag="005">20160928003651.0</controlfield>
    <controlfield tag="008">040528n||aznnnaabn           | aaa    |c</controlfield>
    <datafield tag="024" ind1="7" ind2=" ">
      <subfield code="a">129059331</subfield>
      <subfield code="0">http://d-nb.info/gnd/129059331</subfield>
      <subfield code="2">gnd</subfield>
    </datafield>
    <datafield tag="035" ind1=" " ind2=" ">
      <subfield code="a">(DE-101)129059331</subfield>
    </datafield>
    <datafield tag="035" ind1=" " ind2=" ">
      <subfield code="a">(DE-588)129059331</subfield>
    </datafield>
    <datafield tag="035" ind1=" " ind2=" ">
      <subfield code="z">(DE-588a)129059331</subfield>
      <subfield code="9">v:zg</subfield>
    </datafield>
    <datafield tag="040" ind1=" " ind2=" ">
      <subfield code="a">DE-12</subfield>
      <subfield code="c">DE-12</subfield>
      <subfield code="9">r:DE-12</subfield>
      <subfield code="b">ger</subfield>
      <subfield code="d">9999</subfield>
    </datafield>
    <datafield tag="042" ind1=" " ind2=" ">
      <subfield code="a">gnd1</subfield>
    </datafield>
    <datafield tag="043" ind1=" " ind2=" ">
      <subfield code="c">XA-DE</subfield>
    </datafield>
    <datafield tag="075" ind1=" " ind2=" ">
      <subfield code="b">p</subfield>
      <subfield code="2">gndgen</subfield>
    </datafield>
    <datafield tag="075" ind1=" " ind2=" ">
      <subfield code="b">piz</subfield>
      <subfield code="2">gndspec</subfield>
    </datafield>
    <datafield tag="079" ind1=" " ind2=" ">
      <subfield code="a">g</subfield>
      <subfield code="q">a</subfield>
      <subfield code="q">f</subfield>
    </datafield>
    <datafield tag="100" ind1="1" ind2=" ">
      <subfield code="a">Breuning, Georg</subfield>
      <subfield code="d">ca. um 1600</subfield>
    </datafield>
    <datafield tag="400" ind1="1" ind2=" ">
      <subfield code="a">Breuning, Georgius</subfield>
      <subfield code="d">ca. um 1600</subfield>
    </datafield>
    <datafield tag="400" ind1="1" ind2=" ">
      <subfield code="a">Breuningus, Georgius</subfield>
      <subfield code="d">ca. um 1600</subfield>
    </datafield>
    <datafield tag="400" ind1="1" ind2=" ">
      <subfield code="a">Breuningius, Georgius</subfield>
      <subfield code="d">ca. um 1600</subfield>
    </datafield>
    <datafield tag="400" ind1="1" ind2=" ">
      <subfield code="a">Breining, Georg</subfield>
      <subfield code="d">ca. um 1600</subfield>
    </datafield>
    <datafield tag="400" ind1="1" ind2=" ">
      <subfield code="a">Breüningius, Georgius</subfield>
      <subfield code="d">ca. um 1600</subfield>
    </datafield>
    <datafield tag="500" ind1="1" ind2=" ">
      <subfield code="0">(DE-101)119469049</subfield>
      <subfield code="0">(DE-588)119469049</subfield>
      <subfield code="0">https://d-nb.info/gnd/119469049</subfield>
      <subfield code="a">Haussmann, Valentin</subfield>
      <subfield code="d">1565-1614</subfield>
      <subfield code="4">beza</subfield>
      <subfield code="4">https://d-nb.info/standards/elementset/gnd#acquaintanceshipOrFriendship</subfield>
      <subfield code="w">r</subfield>
      <subfield code="i">Bekanntschaft</subfield>
      <subfield code="e">Bekanntschaft</subfield>
      <subfield code="9">v:VD-16 Mitverf.</subfield>
    </datafield>
    <datafield tag="500" ind1="1" ind2=" ">
      <subfield code="0">(DE-101)124368883</subfield>
      <subfield code="0">(DE-588)124368883</subfield>
      <subfield code="0">https://d-nb.info/gnd/124368883</subfield>
      <subfield code="a">Metzger, Thomas</subfield>
      <subfield code="4">beza</subfield>
      <subfield code="4">https://d-nb.info/standards/elementset/gnd#acquaintanceshipOrFriendship</subfield>
      <subfield code="w">r</subfield>
      <subfield code="i">Bekanntschaft</subfield>
      <subfield code="e">Bekanntschaft</subfield>
      <subfield code="9">v:VD-16 Mitverf.</subfield>
    </datafield>
    <datafield tag="500" ind1="1" ind2=" ">
      <subfield code="a">Platz, Konrad Wolfgang</subfield>
      <subfield code="4">beza</subfield>
      <subfield code="4">https://d-nb.info/standards/elementset/gnd#acquaintanceshipOrFriendship</subfield>
      <subfield code="w">r</subfield>
      <subfield code="i">Bekanntschaft</subfield>
      <subfield code="e">Bekanntschaft</subfield>
      <subfield code="9">v:VD-16 Mitverf.</subfield>
    </datafield>
    <datafield tag="500" ind1="1" ind2=" ">
      <subfield code="0">(DE-101)119794322</subfield>
      <subfield code="0">(DE-588)119794322</subfield>
      <subfield code="0">https://d-nb.info/gnd/119794322</subfield>
      <subfield code="a">Preisenstein, Jodocus</subfield>
      <subfield code="4">beza</subfield>
      <subfield code="4">https://d-nb.info/standards/elementset/gnd#acquaintanceshipOrFriendship</subfield>
      <subfield code="w">r</subfield>
      <subfield code="i">Bekanntschaft</subfield>
      <subfield code="e">Bekanntschaft</subfield>
      <subfield code="9">v:VD-16 Mitverf.</subfield>
    </datafield>
    <datafield tag="500" ind1="1" ind2=" ">
      <subfield code="0">(DE-101)131654314</subfield>
      <subfield code="0">(DE-588)131654314</subfield>
      <subfield code="0">https://d-nb.info/gnd/131654314</subfield>
      <subfield code="a">Balticus, Martinus</subfield>
      <subfield code="d">1532-1601</subfield>
      <subfield code="4">beza</subfield>
      <subfield code="4">https://d-nb.info/standards/elementset/gnd#acquaintanceshipOrFriendship</subfield>
      <subfield code="w">r</subfield>
      <subfield code="i">Bekanntschaft</subfield>
      <subfield code="e">Bekanntschaft</subfield>
      <subfield code="9">v:VD-16 Mitverf.</subfield>
    </datafield>
    <datafield tag="500" ind1="1" ind2=" ">
      <subfield code="0">(DE-101)118950037</subfield>
      <subfield code="0">(DE-588)118950037</subfield>
      <subfield code="0">https://d-nb.info/gnd/118950037</subfield>
      <subfield code="a">Hutter, Leonhard</subfield>
      <subfield code="d">1563-1616</subfield>
      <subfield code="4">beza</subfield>
      <subfield code="4">https://d-nb.info/standards/elementset/gnd#acquaintanceshipOrFriendship</subfield>
      <subfield code="w">r</subfield>
      <subfield code="i">Bekanntschaft</subfield>
      <subfield code="e">Bekanntschaft</subfield>
      <subfield code="9">v:VD-16 Mitverf.</subfield>
    </datafield>
    <datafield tag="500" ind1="1" ind2=" ">
      <subfield code="0">(DE-101)119727927</subfield>
      <subfield code="0">(DE-588)119727927</subfield>
      <subfield code="0">https://d-nb.info/gnd/119727927</subfield>
      <subfield code="a">Kerner, Balthasar</subfield>
      <subfield code="d">-1609</subfield>
      <subfield code="4">beza</subfield>
      <subfield code="4">https://d-nb.info/standards/elementset/gnd#acquaintanceshipOrFriendship</subfield>
      <subfield code="w">r</subfield>
      <subfield code="i">Bekanntschaft</subfield>
      <subfield code="e">Bekanntschaft</subfield>
      <subfield code="9">v:VD-16 Mitverf.</subfield>
    </datafield>
    <datafield tag="500" ind1="1" ind2=" ">
      <subfield code="0">(DE-101)119730162</subfield>
      <subfield code="0">(DE-588)119730162</subfield>
      <subfield code="0">https://d-nb.info/gnd/119730162</subfield>
      <subfield code="a">Kleiner, Rudolf</subfield>
      <subfield code="4">beza</subfield>
      <subfield code="4">https://d-nb.info/standards/elementset/gnd#acquaintanceshipOrFriendship</subfield>
      <subfield code="w">r</subfield>
      <subfield code="i">Bekanntschaft</subfield>
      <subfield code="e">Bekanntschaft</subfield>
      <subfield code="9">v:VD-16 Mitverf.</subfield>
    </datafield>
    <datafield tag="500" ind1="1" ind2=" ">
      <subfield code="0">(DE-101)119801965</subfield>
      <subfield code="0">(DE-588)119801965</subfield>
      <subfield code="0">https://d-nb.info/gnd/119801965</subfield>
      <subfield code="a">Renlinus, David</subfield>
      <subfield code="4">beza</subfield>
      <subfield code="4">https://d-nb.info/standards/elementset/gnd#acquaintanceshipOrFriendship</subfield>
      <subfield code="w">r</subfield>
      <subfield code="i">Bekanntschaft</subfield>
      <subfield code="e">Bekanntschaft</subfield>
      <subfield code="9">v:VD-16 Mitverf.</subfield>
    </datafield>
    <datafield tag="500" ind1="1" ind2=" ">
      <subfield code="0">(DE-101)119808757</subfield>
      <subfield code="0">(DE-588)119808757</subfield>
      <subfield code="0">https://d-nb.info/gnd/119808757</subfield>
      <subfield code="a">Rosalechius, Joachim</subfield>
      <subfield code="4">beza</subfield>
      <subfield code="4">https://d-nb.info/standards/elementset/gnd#acquaintanceshipOrFriendship</subfield>
      <subfield code="w">r</subfield>
      <subfield code="i">Bekanntschaft</subfield>
      <subfield code="e">Bekanntschaft</subfield>
      <subfield code="9">v:VD-16 Mitverf.</subfield>
    </datafield>
    <datafield tag="548" ind1=" " ind2=" ">
      <subfield code="a">ca. um 1600</subfield>
      <subfield code="4">datl</subfield>
      <subfield code="4">https://d-nb.info/standards/elementset/gnd#associatedDate</subfield>
      <subfield code="w">r</subfield>
      <subfield code="i">Lebensdaten</subfield>
    </datafield>
    <datafield tag="667" ind1=" " ind2=" ">
      <subfield code="a">12</subfield>
    </datafield>
    <datafield tag="667" ind1=" " ind2=" ">
      <subfield code="a">VD-17</subfield>
    </datafield>
    <datafield tag="667" ind1=" " ind2=" ">
      <subfield code="a">VD-16</subfield>
    </datafield>
    <datafield tag="672" ind1=" " ind2="0">
      <subfield code="a">Concordia, das ist, eine Predigt von der Einigkeith ... gehalten ... 1599. - 1601</subfield>
    </datafield>
    <datafield tag="672" ind1=" " ind2="0">
      <subfield code="a">Breuning, Georg: Ein Christliche Predigt Oder VNIVERSAL PRACTICA. Allgemeine verzeychnis wie es nicht ...  1578/1588.  (VD16 B 8056)</subfield>
    </datafield>
    <datafield tag="672" ind1=" " ind2="0">
      <subfield code="a">Breuning, Georg: Jubel Jar: Das ist Ein Predig:Woher solches den Namen habe:Wie viel vnnd mancherley ...  1600.  (VD16 B 8057)</subfield>
    </datafield>
    <datafield tag="672" ind1=" " ind2="0">
      <subfield code="a">Breuning, Georg: Wetter Glöcklein.Etliche Gebetlin vnd Trostsprüche, auss Heiliger Göttlicher Schrifft, in donners ...  1585.  (VD16 B 8058)</subfield>
    </datafield>
    <datafield tag="672" ind1=" " ind2="0">
      <subfield code="a">Metzger, Thomas: THESES PHILOSOPHICAE. DE DECEM PRAEDICAMENTIS. Quas ... CONSENTIENTIBVS ... REVERENDIS ...  1594.  (VD16 ZV 10903)</subfield>
    </datafield>
    <datafield tag="672" ind1=" " ind2="0">
      <subfield code="a">Platz, Konrad Wolfgang: Apologia Catholica. Das ist Vier Christliche Catholische Schutz oder Schirmpredigen von ...  1581.  (VD16 P 3358)</subfield>
    </datafield>
    <datafield tag="672" ind1=" " ind2="0">
      <subfield code="a">Platz, Konrad Wolfgang: Apologia Catholica. Das ist Vier Christliche Catholische Schutz oder Schirmpredigen von ...  1582.  (VD16 P 3359)</subfield>
    </datafield>
    <datafield tag="672" ind1=" " ind2="0">
      <subfield code="a">Platz, Konrad Wolfgang: Catholische Jnquisition. Ob in dem Bapstum Bey. I. den lieben Engeln. II. der hochbegabnen ...  1577.  (VD16 P 3369)</subfield>
    </datafield>
    <datafield tag="672" ind1=" " ind2="0">
      <subfield code="a">Platz, Konrad Wolfgang: Hohe Seeligmachers Ehr. Christliche Rettung vnd Gründliche erklerung der hohen Seligmachers ...  1578.  (VD16 P 3368)</subfield>
    </datafield>
    <datafield tag="672" ind1=" " ind2="0">
      <subfield code="a">Platz, Konrad Wolfgang: Leichpredig desz ewigen Sohns Gottes \[et]c. Von aller glaeubigen gehorsamẽ Zuhoerer ...  1585.  (VD16 ZV 12567)</subfield>
    </datafield>
    <datafield tag="672" ind1=" " ind2="0">
      <subfield code="a">Preisenstein, Jodocus: Eine christliche Leichpredigt bei der Leiche und Begräbnis des ehrwürdigen und hochgelehrten Herrn Ludovici Rabi ...  1593.  (VD16 ZV 12765)</subfield>
    </datafield>
    <datafield tag="675" ind1=" " ind2=" ">
      <subfield code="a">LCAuth</subfield>
      <subfield code="a">Internat. biogr. Index</subfield>
    </datafield>
    <datafield tag="678" ind1=" " ind2=" ">
      <subfield code="b">Ev. Prediger in Giengen an der Brenz</subfield>
    </datafield>
    <datafield tag="913" ind1=" " ind2=" ">
      <subfield code="S">pnd</subfield>
      <subfield code="i">a</subfield>
      <subfield code="a">Breuning, Georg</subfield>
      <subfield code="0">(DE-588a)129059331</subfield>
    </datafield>
  </record>
